@book{denne.1,
  author         = {Norbert Denne},
  publisher      = {DGD mbH},
  title          = {Db2 Theorie und Praxis Band 1},
  year           = {2023}
}

@book{redbook.1,
  author         = {IBM},
  publisher      = {IBM},
  series         = {Redbooks},
  title          = {Introduction to the New Mainframe: z/OS Basics},
  year           = {2009},
  month          = {aug},
}

@misc{itic,
  editor       = {Information Technology Intelligence Consulting},
  howpublished = {Website},
  url          = {https://www.ibm.com/downloads/cas/VQ5B65YZ},
  urldate      = {2023-06-28},
  title        = {ITIC 2022 Global Server Hardware, Server OS Reliability Report},
  year         = {2022},
  month        = {aug},

}
@misc{datacenter,
  editor       = {Ulrike Ostler},
  howpublished = {Website},
  url          = {https://www.datacenter-insider.de/was-macht-den-mainframe-zum-mainframe-a-596890/},
  urldate      = {2023-06-29},
  title        = {Was macht Mainframe zum Mainframe},
  year         = {2017},
  month        = {apr},
}